@inproceedings{sok,
  title={Sokoban: A Challenging Single-Agent Search Problem},
  author={Andreas Junghanns and Jonathan Schaeffer},
  booktitle={International Joint Conference on Artificial Intelligence},
  year={1997}
}

@article{dovier,
author = {Zhou, neng-fa and Dovier, Agostino},
year = {2013},
month = {01},
pages = {561-575},
title = {A Tabled Prolog Program for Solving Sokoban},
volume = {124},
journal = {Fundamenta Informaticae},
doi = {10.3233/FI-2013-849}
}